@inproceedings{shan2023weburst,
  title={weBurst can be Harmless: Achieving Line-rate Software Traffic Shaping by Inter-flow Batching},
  author={Shan, Danfeng and Hu, Shihao and Liu, Yuqi and Jiang, Wanchun and Li, Hao and Zhang, Peng and Tang, Yazhe and Wang, Huanzhao and Ren, Fengyuan},
  booktitle={IEEE INFOCOM 2023-IEEE Conference on Computer Communications},
  pages={1--10},
  year={2023},
  organization={IEEE}
}

@inproceedings{shan2023less,
  title={Less is More: Dynamic and Shared Headroom Allocation in PFC-Enabled Datacenter Networks},
  author={Shan, Danfeng and Liu, Yuqi and Zhang, Tong and Liu, Yifan and Tang, Yazhe and Li, Hao and Zhang, Peng},
  booktitle={2023 IEEE 43rd International Conference on Distributed Computing Systems (ICDCS)},
  pages={591--602},
  year={2023},
  organization={IEEE}
}

@patent{patent2022congestioncontrol,
  title = {多服务队列环境中基于时延的拥塞控制机制和控制装置},
  assignee = {西安交通大学},
  author = {单丹枫 and 刘钰琪},
  type = {发明},
  number = {申请号：2022104395160},
  day = {申请日：2022-04-25}
}

@patent{patent2023dynamicbuffermanagement,
  title = {一种面向PFC交换机的动态净空缓存管理方法及装置},
  assignee = {西安交通大学},
  author = {单丹枫 and 刘钰琪},
  type = {发明},
  number = {申请号：2023108782453},
  day = {申请日：2023-07-17}
}

@patent{patent2023trafficshape,
  title = {一种高速低开销流量整形方法及装置},
  assignee = {西安交通大学},
  author = {单丹枫 and 胡世豪 and 刘钰琪},
  type = {发明},
  number = {申请号：2023101793724},
  day = {申请日：2023-02-28}
}


