@book{王永华2013现代电气控制及,
  title={现代电气控制及 PLC 应用技术},
  author={王永华 and 张 and 李 and 赵},
  year={2013},
  address={北京},
  publisher={北京航空航天大学出版社},
}

@phdthesis{黄雪芳2012探讨电气工程中自动化技术的应用,
  title={探讨电气工程中自动化技术的应用},
  author={黄雪芳},
  year={2012},
  language={zh},
  address={某地},
  school={某大学},
}


%%%%%%%%%%%%%%%%%%%%%%%%%%%%%%%%%%%%%%%%%%%%
%%% SIGCOMM
% see "sigcomm.bib"

%%%%%%%%%%%%%%%%%%%%%%%%%%%%%%%%%%%%%%%%%%%%
%%% NSDI
% see "nsdi.bib"

%%%%%%%%%%%%%%%%%%%%%%%%%%%%%%%%%%%%%%%%%%%%
%%% IMC
@inproceedings{IMC03Burst,
    author = {Jiang, Hao and Dovrolis, Constantinos},
    title = {{Source-level IP Packet Bursts: Causes and Effects}},
    booktitle = {ACM IMC},
    year = {2003},
}

@inproceedings{IMC08BufferSizing,
    author = {Beheshti, Neda and Ganjali, Yashar and Ghobadi, Monia and McKeown, Nick and Salmon, Geoff},
    title = {{Experimental Study of Router Buffer Sizing}},
    booktitle = {ACM IMC},
    year = {2008},
}

@inproceedings{IMC09DC,
    author = {Kandula, Srikanth and Sengupta, Sudipta and Greenberg, Albert and Patel, Parveen and Chaiken, Ronnie},
    title = {{The Nature of Data Center Traffic: Measurements \& Analysis}},
    booktitle = {ACM IMC},
    year = {2009},
}

@inproceedings{IMC10DC,
    author = {Benson, Theophilus and Akella, Aditya and Maltz, David A.},
    title = {{Network Traffic Characteristics of Data Centers in the Wild}},
    booktitle = {ACM IMC},
    year = {2010},
}

@inproceedings{IMC17microburst,
    author = {Zhang, Qiao and Liu, Vincent and Zeng, Hongyi and Krishnamurthy, Arvind},
    title = {{High-resolution Measurement of Data Center Microbursts}},
    booktitle = {ACM IMC},
    year = {2017},
}

%%%%%%%%%%%%%%%%%%%%%%%%%%%%%%%%%%%%%%%%%%%%
%%% ATC
@inproceedings{ATC2008RSC,
    author = {Menon, Aravind and Zwaenepoel, Willy},
    title = {{Optimizing TCP Receive Performance.}},
    booktitle = {USENIX ATC},
    year = {2008},
}

@inproceedings {ATC13NIQ,
    author = {Mario Flajslik and Mendel Rosenblum},
    title = {{Network Interface Design for Low Latency {Request-Response} Protocols}},
    booktitle = {USENIX ATC},
    year = {2013},
}

@inproceedings {ATC15DX,
    author = {Changhyun Lee and Chunjong Park and Keon Jang and Sue Moon and Dongsu Han},
    title = {{Accurate Latency-based Congestion Feedback for Datacenters}},
    booktitle = {USENIX ATC},
    year = {2015},
}

@inproceedings {ATC18Flow,
    author = {John Sonchack and Oliver Michel and Adam J. Aviv and Eric Keller and Jonathan M. Smith},
    title = {{Scaling Hardware Accelerated Network Monitoring to Concurrent and Dynamic Queries With *Flow}},
    booktitle = {USENIX ATC},
    year = {2018},
}

%%%%%%%%%%%%%%%%%%%%%%%%%%%%%%%%%%%%%%%%%%%%
%%% OSDI, SOSP, FAST
@inproceedings{SOSP87TimingWheel,
    author = {Varghese, G. and Lauck, T.},
    title = {{Hashed and Hierarchical Timing Wheels: Data Structures for the Efficient Implementation of a Timer Facility}},
    booktitle = {ACM SOSP},
    year = {1987},
}

@inproceedings{SOSP19Snap,
    author = {Marty, Michael and de Kruijf, Marc and Adriaens, Jacob and Alfeld, Christopher and Bauer, Sean and Contavalli, Carlo and Dalton, Michael and Dukkipati, Nandita and Evans, William C. and Gribble, Steve and Kidd, Nicholas and Kononov, Roman and Kumar, Gautam and Mauer, Carl and Musick, Emily and Olson, Lena and Rubow, Erik and Ryan, Michael and Springborn, Kevin and Turner, Paul and Valancius, Valas and Wang, Xi and Vahdat, Amin},
    title = {{Snap: A Microkernel Approach to Host Networking}},
    booktitle = {ACM SOSP},
    year = {2019},
}

@inproceedings{FAST08incast,
    author={Phanishayee, Amar and Krevat, Elie and Vasudevan, Vijay and Andersen, David G and Ganger, Gregory R and Gibson, Garth A and Seshan, Srinivasan},
    title={{Measurement and Analysis of TCP Throughput Collapse in Cluster-based Storage Systems.}},
    booktitle = {USENIX FAST},
    year={2008},
}

@article{OSDI08MapReduce,
    author = {Dean, Jeffrey and Ghemawat, Sanjay},
    title = {{MapReduce: Simplified Data Processing on Large Clusters}},
    journal = {Commun. ACM},
    volume = {51},
    number = {1},
    month = jan,
    year = {2008},
    pages = {107--113},
}

@inproceedings {OSDI14ML,
    author = {Mu Li and David G. Andersen and Jun Woo Park and Alexander J. Smola and Amr Ahmed and Vanja Josifovski and James Long and Eugene J. Shekita and Bor-Yiing Su},
    title = {{Scaling Distributed Machine Learning with the Parameter Server}},
    booktitle = {USENIX OSDI},
    year = {2014},
}

@inproceedings{OSDI16TF,
    author = {Abadi, Mart\'{\i}n and Barham, Paul and Chen, Jianmin and Chen, Zhifeng and Davis, Andy and Dean, Jeffrey and Devin, Matthieu and Ghemawat, Sanjay and Irving, Geoffrey and Isard, Michael and Kudlur, Manjunath and Levenberg, Josh and Monga, Rajat and Moore, Sherry and Murray, Derek G. and Steiner, Benoit and Tucker, Paul and Vasudevan, Vijay and Warden, Pete and Wicke, Martin and Yu, Yuan and Zheng, Xiaoqiang},
    title = {{TensorFlow: A System for Large-scale Machine Learning}},
    booktitle = {USENIX OSDI},
    year = {2016},
}

%%%%%%%%%%%%%%%%%%%%%%%%%%%%%%%%%%%%%%%%%%%%
%%% CoNEXT
@article{CoNEXT10incast,
    author = {Wu, Haitao and Feng, Zhenqian and Guo, Chuanxiong and Zhang, Yongguang},
    title = {{ICTCP: Incast Congestion Control for TCP in Data-center Networks}},
    journal = {IEEE/ACM Trans. Netw.},
    volume = {21},
    number = {2},
    month = apr,
    year = {2013},
    pages = {345--358},
    numpages = {14},
}

@inproceedings{CoNEXT12ECN,
    author = {Wu, Haitao and Ju, Jiabo and Lu, Guohan and Guo, Chuanxiong and Xiong, Yongqiang and Zhang, Yongguang},
    title = {{Tuning ECN for Data Center Networks}},
    booktitle = {ACM CoNEXT},
    year = {2012},
}

@inproceedings{CoNEXT13NIC,
    author = {Kapoor, Rishi and Snoeren, Alex C. and Voelker, Geoffrey M. and Porter, George},
    title = {{Bullet Trains: A Study of NIC Burst Behavior at Microsecond Timescales}},
    booktitle = {ACM CoNEXT},
    year = {2013},
}

@inproceedings{CoNEXT15pHost,
    title={{pHost: Distributed Near-Optimal Datacenter Transport Over Commodity Network Fabric}},
    author={Gao, Peter X and Narayan, Akshay and Kumar, Gautam and Agarwal, Rachit and Ratnasamy, Sylvia and Shenker, Scott},
    booktitle = {ACM CoNEXT},
    year={2015}
}

@inproceedings{CoNEXT16TCN,
    author = {Wei Bai and Kai Chen and Li Chen and Changhoon Kim and Haitao Wu},
    title = {{Enabling ECN over Generic Packet Scheduling}},
    booktitle = {ACM CoNEXT},
    year = {2016},
}

@inproceedings{CoNEXT17Tagger,
    author = {Hu, Shuihai and Zhu, Yibo and Cheng, Peng and Guo, Chuanxiong and Tan, Kun and Padhye, Jitendra and Chen, Kai},
    title = {{Tagger: Practical PFC Deadlock Prevention in Data Center Networks}},
    booktitle = {ACM CoNEXT},
    year = {2017},
}

@inproceedings{CoNEXT20RoCC,
    author = {Taheri, Parvin and Menikkumbura, Danushka and Vanini, Erico and Fahmy, Sonia and Eugster, Patrick and Edsall, Tom},
    title = {{RoCC: Robust Congestion Control for RDMA}},
    booktitle = {ACM CoNEXT},
    year = {2020},
}

%%%%%%%%%%%%%%%%%%%%%%%%%%%%%%%%%%%%%%%%%%%%
%%% HotNets
@inproceedings{HotNets15Micro,
    author = {Ghorbani, Soudeh and Godfrey, Brighten and Ganjali, Yashar and Firoozshahian, Amin},
    title = {{Micro Load Balancing in Data Centers with DRILL}},
    booktitle = {ACM HotNets},
    year = {2015},
}

@inproceedings{HotNets18Handley,
    author = {Handley, Mark},
    title = {{Delay is Not an Option: Low Latency Routing in Space}},
    booktitle = {ACM HotNets},
    year = {2018},
    % pages = {85--91},
    % numpages = {7},
}

%%%%%%%%%%%%%%%%%%%%%%%%%%%%%%%%%%%%%%%%%%%%
%%% APNet
@inproceedings{APNet17BCC,
    author = {Bai, Wei and Chen, Kai and Hu, Shuihai and Tan, Kun and Xiong, Yongqiang},
    title = {{Congestion Control for High-speed Extremely Shallow-buffered Datacenter Networks}},
    booktitle = {APNet},
    year = {2017},
}

@inproceedings{APNet17EAR,
    title = {{Combining ECN and RTT for Datacenter Transport}},
    author = {Zeng, Gaoxiong and Bai, Wei and Chen, Ge and Chen, Kai and Han, Dongsu and Zhu, Yibo},
    booktitle = {APNet},
    year = {2017},
}

%%%%%%%%%%%%%%%%%%%%%%%%%%%%%%%%%%%%%%%%%%%%
%%% HotCloud, HotSDN
@inproceedings{HotSDN12CPUSwitch,
    author = {Lu, Guohan and Miao, Rui and Xiong, Yongqiang and Guo, Chuanxiong},
    title = {{Using CPU As a Traffic Co-processing Unit in Commodity Switches}},
    booktitle = {HotSDN},
    year = {2012},
}

@inproceedings {HotCloud13vShaper,
    author = {Gautam Kumar and Srikanth Kandula and Peter Bodik and Ishai Menache},
    title = {{Virtualizing {Traffic} Shapers for Practical Resource Allocation}},
    booktitle = {USENIX HotCloud},
    year = {2013},
}

@inproceedings{HotCloud15Machine-learning,
    title = {{Optimizing network performance in distributed machine learning}},
    author = {Mai, Luo and Hong, Chuntao and Costa, Paolo},
    booktitle = {USENIX HotCloud},
    year = {2015},
}

%%%%%%%%%%%%%%%%%%%%%%%%%%%%%%%%%%%%%%%%%%%%
%%% Other workshop
@inproceedings{WREN09incast,
    author = {Chen, Yanpei and Griffith, Rean and Liu, Junda and Katz, Randy H. and Joseph, Anthony D.},
    title = {{Understanding TCP Incast Throughput Collapse in Datacenter Networks}},
    booktitle = {WREN},
    year = {2009},
}

@inproceedings{SoCC12Chronos,
    author = {Kapoor, Rishi and Porter, George and Tewari, Malveeka and Voelker, Geoffrey M. and Vahdat, Amin},
    title = {{Chronos: Predictable Low Latency for Data Center Applications}},
    booktitle = {ACM SoCC},
    year = {2012},
}

@inproceedings{SelfDN18Burst,
    author={Chen, Xiaoqi and Feibish, Shir Landau and Koral, Yaron and Rexford, Jennifer and Rottenstreich, Ori},
    title = {{Catching the Microburst Culprits with Snappy}},
    booktitle = {SelfDN},
    year = {2018},
}

@inproceedings{APSys18Burst,
    author={Raj Joshi and Ting Qu and Mun Choon Chan and Ben Leong and Boon Thau Loo},
    title = {{BurstRadar: Practical Real-time Microburst Monitoring for Datacenter Networks}},
    booktitle = {APSys},
    year = {2018},
}

@inproceedings{BS19Yahoo,
    author={Yihua He and Nitin Batta and Igor Gashinsky},
    title = {{Understanding Switch Buffer Utilization in CLOS Data Center Fabric}},
    booktitle = {Workshop on Buffer Sizing},
    year = {2019},
}

@inproceedings{BS19BFC,
    author = {Goyal, Prateesh and Shah, Preey and Sharma, Naveen Kr. and Alizadeh, Mohammad and Anderson, Thomas E.},
    title = {{Backpressure Flow Control}},
    booktitle = {Workshop on Buffer Sizing},
    year = {2019},
}

%%%%%%%%%%%%%%%%%%%%%%%%%%%%%%%%%%%%%%%%%%%%
%%% SIGMETRICS
@inproceedings{SIGMETRICS00TokenBucket,
    author = {Sahu, Sambit and Nain, Philippe and Diot, Christophe and Firoiu, Victor and Towsley, Don},
    title = {{On Achievable Service Differentiation with Token Bucket Marking for TCP}},
    booktitle = {ACM SIGMETRICS},
    year = {2000},
    % pages = {23--33},
    % numpages = {11},
}

@inproceedings{SIGMETRICS05JIANG,
    author = {Jiang, Hao and Dovrolis, Constantinos},
    title = {{Why is the Internet Traffic Bursty in Short Time Scales?}},
    booktitle = {SIGMETRICS},
    year = {2005},
}

@inproceedings{SIGMETRICS05FlowNumber,
    author = {Kortebi, A. and Muscariello, L. and Oueslati, S. and Roberts, J.},
    title = {{Evaluating the Number of Active Flows in a Scheduler Realizing Fair Statistical Bandwidth Sharing}},
    booktitle = {ACM SIGMETRICS},
    year = {2005},
    % pages = {217--228},
    % numpages = {12},
}

@inproceedings{SIGMETRICS11DCTCP,
    author = {Alizadeh, Mohammad and Javanmard, Adel and Prabhakar, Balaji},
    title = {{Analysis of DCTCP: Stability, Convergence, and Fairness}},
    booktitle = {ACM SIGMETRICS},
    year = {2011},
}

@inproceedings{SIGMETRICS20CC,
    author = {Mishra, Ayush and Sun, Xiangpeng and Jain, Atishya and Pande, Sameer and Joshi, Raj and Leong, Ben},
    title = {{The Great Internet TCP Congestion Control Census}},
    booktitle = {ACM SIGMETRICS},
    year = {2020},
}


%%%%%%%%%%%%%%%%%%%%%%%%%%%%%%%%%%%%%%%%%%%%
%%% INFOCOM
@inproceedings{INFOCOM90SFQ,
  title = {{Stochastic fairness queueing}},
  author={McKenney, Paul},
  booktitle={IEEE INFOCOM},
  year={1990}
}

@inproceedings{INFOCOM00Pacing,
    author={Aggarwal, A. and Savage, S. and Anderson, T.},
    booktitle={IEEE INFOCOM},
    title={{Understanding the performance of TCP pacing}},
    year={2000},
}

@inproceedings{INFOCOM01PI,
    author={Hollot, C.V. and Misra, V. and Towsley, D. and Gong, W.-B.},
    booktitle={IEEEE INFOCOM},
    title={{On designing improved controllers for AQM routers supporting TCP flows}},
    year={2001},
}

@inproceedings{INFOCOM07DQS,
    author={Hu, Chengchen and Tang, Yi and Chen, Xuefei and Liu, Bin},
    booktitle={IEEE INFOCOM},
    title={{Per-Flow Queueing by Dynamic Queue Sharing}},
    year={2007},
}

@inproceedings{INFOCOM14TCP-Bolt,
    author={Stephens, Brent and Cox, Alan L. and Singla, Ankit and Carter, John and Dixon, Colin and Felter, Wesley},
    booktitle={IEEE INFOCOM},
    title={{Practical DCB for Improved Data Center Networks}},
    year={2014},
}

@inproceedings{INFOCOM20BCC,
    author={Bai, Wei and Hu, Shuihai and Chen, Kai and Tan, Kun and Xiong, Yongqiang},
    booktitle={IEEE INFOCOM},
    title={{One More Config is Enough: Saving (DC)TCP for High-speed Extremely Shallow-buffered Datacenters}},
    year={2020},
}

@inproceedings{INFOCOM21SwRL,
    author={He, Yongchao and Wu, Wenfei and Wen, Xuemin and Li, Haifeng and Yang, Yongqiang},
    booktitle={IEEE INFOCOM},
    title={{Scalable On-Switch Rate Limiters for the Cloud}},
    year={2021},
}

@inproceedings{INFOCOM22ITSY,
    author={Wu, Xinyu Crystal and Eugene Ng, T. S.},
    booktitle={IEEE INFOCOM},
    title={{Detecting and Resolving PFC Deadlocks with ITSY Entirely in the Data Plane}},
    year={2022},
}


%%%%%%%%%%%%%%%%%%%%%%%%%%%%%%%%%%%%%%%%%%%%
%%% ICNP
@INPROCEEDINGS{ICNP13GIP,
    author={Jiao Zhang and Fengyuan Ren and Li Tang and Chuang Lin},
    booktitle={IEEE ICNP},
    title={{Taming TCP incast throughput collapse in data center networks}},
    year={2013},
}

@INPROCEEDINGS{ICNP14PAC,
    author={Wei Bai and Kai Chen and Haitao Wu and Wuwei Lan and Yangming Zhao},
    booktitle={IEEE ICNP},
    title={{PAC: Taming TCP Incast Congestion Using Proactive ACK Control}},
    year={2014},
}

@inproceedings{ICNP17BBR,
    author={M. {Hock} and R. {Bless} and M. {Zitterbart}},
    booktitle={IEEE ICNP},
    title={{Experimental Evaluation of {BBR} Congestion Control}},
    year={2017},
    % month=Oct,
}

@inproceedings{ICNP21PIPO,
    author={Zhang, Chuwen and Chen, Zhikang and Song, Haoyu and Yao, Ruyi and Xu, Yang and Wang, Yi and Miao, Ji and Liu, Bin},
    booktitle={IEEE ICNP},
    title={{PIPO: Efficient Programmable Scheduling for Time Sensitive Networking}},
    year={2021},
}

@inproceedings{ICNP21FlashPass,
    author={Zeng, Gaoxiong and Qiu, Jianxin and Yuan, Yifei and Liu, Hongqiang and Chen, Kai},
    booktitle={{IEEE ICNP}},
    title={{FlashPass: Proactive Congestion Control for Shallow-buffered WAN}},
    year={2021},
}

@inproceedings{ICNP21RCC,
    author={Zhang, Jiao and Shi, Jiaming and Zhong, Xiaolong and Wan, Zirui and Tian, Yu and Pan, Tian and Huang, Tao},
    booktitle={{IEEE ICNP}},
    title={{Receiver-Driven RDMA Congestion Control by Differentiating Congestion Types in Datacenter Networks}},
    year={2021},
}


%%%%%%%%%%%%%%%%%%%%%%%%%%%%%%%%%%%%%%%%%%%%
%%% ICDCS
@inproceedings{ICDCS00burst,
    author={Wu-chun Feng and Tinnakornsrisuphap, P. and Philip, I.},
    booktitle={{IEEE ICDCS}},
    title={{On the burstiness of the TCP congestion-control mechanism in a distributed computing system}},
    year={2000},
}

%%%%%%%%%%%%%%%%%%%%%%%%%%%%%%%%%%%%%%%%%%%%
%%% PAM
@inproceedings{PAM04IC,
    year={2004},
    booktitle={PAM},
    title={{Effects of Interrupt Coalescence on Network Measurements}},
    author={Prasad, Ravi and Jain, Manish and Dovrolis, Constantinos},
}

@inproceedings{PAM05Allman,
    year={2005},
    booktitle={PAM},
    title={{On the Impact of Bursting on TCP Performance}},
    author={Blanton, Ethan and Allman, Mark},
}

@incollection{PAM05burst,
    year={2005},
    booktitle={PAM},
    title={{A Study of Burstiness in TCP Flows}},
    author={Shakkottai, Srinivas and Brownlee, Nevil and claffy, kc},
}


@InProceedings{PAM18ICMPRateLimit,
    author={Guo, Hang and Heidemann, John},
    title={{Detecting ICMP Rate Limiting in the Internet}},
    booktitle={PAM},
    year={2018},
}


%%%%%%%%%%%%%%%%%%%%%%%%%%%%%%%%%%%%%%%%%%%%
%%% EuroSys
@inproceedings{EuroSys13hClock,
    author = {Billaud, Jean-Pascal and Gulati, Ajay},
    title = {{hClock: Hierarchical QoS for Packet Scheduling in a Hypervisor}},
    booktitle = {ACM EuroSys},
    year = {2013},
}

%%%%%%%%%%%%%%%%%%%%%%%%%%%%%%%%%%%%%%%%%%%%
%%% SOSR
@inproceedings{SOSR21Nimble,
    author = {Thapeta, Vineeth Sagar and Shinde, Komal and Malekpourshahraki, Mojtaba and Grassi, Darius and Vamanan, Balajee and Stephens, Brent E.},
    title = {{Nimble: Scalable TCP-Friendly Programmable In-Network Rate-Limiting}},
    booktitle = {ACM SOSR},
    year = {2021},
}


%%%%%%%%%%%%%%%%%%%%%%%%%%%%%%%%%%%%%%%%%%%%
%%% Others
@inproceedings{TCP-Pacing-DCN,
    author={Ghobadi, M. and Ganjali, Y.},
    booktitle={IEEE HOTI},
    title={{TCP Pacing in Data Center Networks}},
    year = {2013},
}

@inproceedings{ICDMW10S4,
    author={Neumeyer, L. and Robbins, B. and Nair, A. and Kesari, A.},
    booktitle={IEEE ICDMW},
    title={{S4: Distributed Stream Computing Platform}},
    year={2010},
}

@inproceedings{NOSSDAV97TCP,
    author={ {Wu-Chang Feng} and D. D. {Kandlur} and D. {Saha} and K. G. {Shin}},
    booktitle={IEEE NOSSDAV},
    title={{Understanding TCP Dynamics in an Integrated Services Internet}},
    year={1997},
%    pages={279-290},
}

@inproceedings{LANMAN01TBP,
  title={{Performance Modeling of Differentiated Service Network with a Token Bucket Marker}},
  author={Su, Hongjun and Atiquzzaman, Mohammed},
  booktitle={IEEE LANMAN},
  year={2001}
}

@inproceedings{LANMAN07Policer,
    author={R. {van Haalen} and R. {Malhotra}},
    booktitle={IEEE LANMAN},
    title={{Improving TCP Performance with Bufferless Token Bucket Policing: A TCP Friendly Policer}},
    year={2007},
}

@inproceedings{ICC10Policing,
    author={S. {Ghazal} and J. {Ben-Othman}},
    booktitle={IEEE ICC},
    title={{Traffic Policing Based on Token Bucket Mechanism for WiMAX Networks}},
    year={2010},
}

@INPROCEEDINGS{ICC184GTraffic,
  author={F. {Li} and X. {Jiang} and J. W. {Chung} and M. {Claypool}},
  booktitle={IEEE ICC},
  title={{Who is the King of the Hill? Traffic Analysis over a 4G Network}},
  year={2018},
}

@inproceedings{WCNC02Policing,
    author={ {Frank Yong Li} and N. {Stol}},
    booktitle={IEEE WCNC},
    title={{QoS Provisioning using Traffic Shaping and Policing in 3rd-Generation Wireless Networks}},
    year={2002},
}

@inproceedings{MobiQoE16BingeOn,
    author = {Kakhki, Arash Molavi and Li, Fangfan and Choffnes, David and Katz-Bassett, Ethan and Mislove, Alan},
    title = {{BingeOn Under the Microscope: Understanding T-Mobiles Zero-Rating Implementation}},
    booktitle = {ACM Internet-QoE},
    year = {2016},
}

@inproceedings{MMSys16WebRTC,
    author = {Carlucci, Gaetano and De Cicco, Luca and Holmer, Stefan and Mascolo, Saverio},
    title = {{Analysis and Design of the Google Congestion Control for Web Real-time Communication ({WebRTC})}},
    booktitle = {ACM MMSys},
    year = {2016},
}

@inproceedings{ICML19Aurora,
    title = {{A Deep Reinforcement Learning Perspective on Internet Congestion Control}},
    author = {Jay, Nathan and Rotman, Noga and Godfrey, Brighten and Schapira, Michael and Tamar, Aviv},
    booktitle = {ICML},
    year = {2019},
}

@inproceedings{Netdev14EDT,
    title = {{Replacing HTB with EDT and BPF}},
    author = {Stanislav Fomichev and Eric Dumazet and Willem de Bruijn and Vlad Dumitrescu and Bill Sommerfeld and Peter Oskolkov},
    booktitle = {Netdev 0x14},
    year = {2020},
}

%%%%%%%%%%%%%%%%%%%%%%%%%%%%%%%%%%
%%% TON
@ARTICLE{TON93RED,
    author={Floyd, Sally and Jacobson, V.},
    journal={IEEE/ACM Transactions on Networking},
    title={{Random early detection gateways for congestion avoidance}},
    year={1993},
    volume={1},
    number={4},
    pages={397-413},
    month={Aug},
}

@article{TON95Self-Similar,
    author={V. {Paxson} and S. {Floyd}},
    journal={IEEE/ACM Transactions on Networking},
    title={{Wide Area Traffic: the Failure of Poisson Modeling}},
    year={1995},
    volume={3},
    number={3},
    pages={226-244},
    month=jun,
}


@ARTICLE{TON98DT,
  author={A. K. {Choudhury} and E. L. {Hahne}},
  journal={IEEE/ACM Transactions on Networking},
  title={{Dynamic Queue Length Thresholds For Shared-memory Packet Switches}},
  year={1998},
  volume={6},
  number={2},
  pages={130-140},
}


@ARTICLE{TON99Reorder,
    author={Bennett, J.C.R. and Partridge, C. and Shectman, N.},
    journal={IEEE/ACM Transactions on Networking},
    title={{Packet Reordering is not Pathological Network Behavior}},
    year={1999},
    volume={7},
    number={6},
    pages={789-798},
    month={Dec},
}

@article{TON99Policing,
    author={Wu-Chang Feng and D. D. {Kandlur} and D. {Saha} and K. G. {Shin}},
    journal={IEEE/ACM Transactions on Networking},
    title={{Understanding and Improving TCP Performance over Networks with Minimum Rate Guarantees}},
    year={1999},
    volume={7},
    number={2},
    pages={173-187},
    month=apr,
}

@article{TON20Policing,
    author={Wang, Shie-Yuan and Hu, Hsien-Wen and Lin, Yi-Bing},
    journal={IEEE/ACM Transactions on Networking},
    title={{Design and Implementation of TCP-Friendly Meters in P4 Switches}},
    year={2020},
    volume={28},
    number={4},
    pages={1885-1898},
}

@article{TON21BCC,
    author={Bai, Wei and Hu, Shuihai and Chen, Kai and Tan, Kun and Xiong, Yongqiang},
    journal={IEEE/ACM Transactions on Networking},
    title={{One More Config is Enough: Saving (DC)TCP for High-Speed Extremely Shallow-Buffered Datacenters}},
    year={2021},
    volume={29},
    number={2},
    pages={489-502},
}

%%%%%%%%%%%%%%%%%%%%%%%%%%%%%%%%%%
%%% JSAC
@article{JCSA18PolicingShapingAnalysis,
    author={M. Zuberek, Wlodek  and Strzeciwilk, Dariusz },
    title={{Modeling Traffic Shaping and Traffic Policing in Packet-Switched Networks}},
    journal={Journal of Computer Sciences and Applications},
    volume={6},
    number={2},
    pages={75--81},
    year={2018},
    month=oct,
}

@article{JSAC19C2TCP,
    author={S. {Abbasloo} and Y. {Xu} and H. J. {Chao}},
    journal={IEEE Journal on Selected Areas in Communications},
    title={{{C2TCP}: A Flexible Cellular TCP to Meet Stringent Delay Requirements}},
    year={2019},
    volume={37},
    number={4},
    pages={918-932},
    month=apr,
}

%%%%%%%%%%%%%%%%%%%%%%%%%%%%%%%%%%
%%% IEEE Network, IEEE Communications
@article{NM01REM,
    author = {Athuraliya, S. and Low, S. H. and Li, V. H. and Yin, Qinghe},
    title = {{REM: Active Queue Management}},
    journal={IEEE Network},
    volume = {15},
    number = {3},
    month = may,
    year = {2001},
    issn = {0890-8044},
    pages = {48--53},
    numpages = {6},
}

@article{CM10Energy,
    author={Christensen, K. and Reviriego, P. and Nordman, B. and Bennett, M. and Mostowfi, M. and Maestro, J.A.},
    journal={Communications Magazine, IEEE},
    title={{IEEE 802.3az: the road to energy efficient ethernet}},
    year={2010},
    volume={48},
    number={11},
    pages={50-56},
    month={November},
}

%%%%%%%%%%%%%%%%%%%%%%%%%%%%%%%%%%%%%%%%%%%%
%%% Computer Networks
@article{ditg,
    author    = {Alessio Botta and	Alberto Dainotti and Antonio Pescap{\`e}},
    title     = {{A Tool for the Generation of Realistic Network Workload for Emerging Networking Scenarios}},
    journal   = {Computer Networks},
    volume    = {56},
    number    = {15},
    year      = {2012},
    pages     = {3531-3547},
    ee        = {http://dx.doi.org/10.1016/j.comnet.2012.02.019},
    bibsource = {DBLP, http://dblp.uni-trier.de}
}


%%%%%%%%%%%%%%%%%%%%%%%%%%%%%%%%%%
%%% CCR
@article{CCR96burst,
    author = {Fall, Kevin and Floyd, Sally},
    title = {{Simulation-based Comparisons of Tahoe, Reno and SACK TCP}},
    journal = {SIGCOMM Comput. Commun. Rev.},
    volume = {26},
    number = {3},
    month = jul,
    year = {1996},
}

@article{CCR89BR,
    author = {Demers, A. and Keshav, S. and Shenker, S.},
    title = {{Analysis and Simulation of a Fair Queueing Algorithm}},
    year = {1989},
    volume = {19},
    number = {4},
    journal = {SIGCOMM Comput. Commun. Rev.},
    month = aug,
    pages = {1–12},
    numpages = {12}
}


@article{CCR05Allman,
    author = {Allman, Mark and Blanton, Ethan},
    title = {{Notes on Burst Mitigation for Transport Protocols}},
    journal = {SIGCOMM Comput. Commun. Rev.},
    volume = {35},
    number = {2},
    month = apr,
    year = {2005},
}

%%%%%%%%%%%%%%%%%%%%%%%%%%%%%%%%%%
%%% ACM Queue
@article{BBR,
    title	= {{{BBR}: Congestion-Based Congestion Control}},
    author	= {Neal Cardwell and Yuchung Cheng and C. Stephen Gunn and Soheil Hassas Yeganeh and Van Jacobson},
    year	= {2016},
    journal	= {ACM Queue},
    pages	= {20 - 53},
    volume	= {14, September-October}
}

%%%%%%%%%%%%%%%%%%%%%%%%%%%%%%%%%%
%%% Others
@article{BRImp,
    title={{On the Efficient Implementation of Fair Queueing}},
    author={Keshav, Srinivasan},
    journal={Internetworking: Research and Experience},
    volume={2},
    number={3},
    pages={157--173},
    year={1991}
}


@article{countminsketch,
    title = {{An Improved Data Stream Summary: The Count-Min Sketch and its Applications}},
    journal = {Journal of Algorithms},
    volume = {55},
    number = {1},
    pages = {58 - 75},
    year = {2005},
    author = {Graham Cormode and S. Muthukrishnan},
}

@article{JHSN00DTB,
    title={{Dynamic Token Bucket ({DTB}): a Fair Bandwidth Allocation Algorithm for High-speed Networks}},
    author={Kidambi, Jayakrishna and Ghosal, Dipak and Mukherjee, Biswanath},
    journal={Journal of High Speed Networks},
    volume={9},
    number={2},
    pages={67--87},
    year={2000},
    publisher={IOS Press}
}

@article{CUBIC,
    author = {Ha, Sangtae and Rhee, Injong and Xu, Lisong},
    title = {{{CUBIC}: A New TCP-friendly High-speed TCP Variant}},
    journal = {SIGOPS Oper. Syst. Rev.},
    issue_date = {July 2008},
    volume = {42},
    number = {5},
    month = jul,
    year = {2008},
    pages = {64--74},
    numpages = {11},

}

@article{PSPAT,
    author = {Luigi Rizzo and Paolo Valente and Giuseppe Lettieri and Vincenzo Maffione},
    title = {{PSPAT: Software Packet Scheduling at Hardware Speed}},
    journal = {Computer Communications},
    volume = {120},
    pages = {32-45},
    year = {2018},
    issn = {0140-3664},
}

@inproceedings{INFOCOM15Burst,
    author={Danfeng Shan and Wanchun Jiang and Fengyuan Ren},
    booktitle={IEEE INFOCOM},
    title={{Absorbing Micro-burst Traffic by Enhancing Dynamic Threshold Policy of Data Center Switches}},
    year={2015},
}

@inproceedings{INFOCOM17Burst,
    author={Danfeng Shan and Fengyuan Ren},
    booktitle={IEEE INFOCOM},
    title={{Improving ECN Marking Scheme with Micro-burst Traffic in Data Center Networks}},
    year={2017},
}

@article{TPDS17Burst,
    author={Danfeng Shan and Wanchun Jiang and Fengyuan Ren},
    journal={IEEE Transactions on Parallel and Distributed Systems},
    title={{Analyzing and Enhancing Dynamic Threshold Policy of Data Center Switches}},
    year={2017},
    volume={28},
    number={9},
    pages={2454-2470},
}

@article{TON18Burst,
    author={Danfeng Shan and Fengyuan Ren},
    journal={IEEE/ACM Transactions on Networking},
    title={{ECN Marking with Micro-burst Traffic: Problem, Analysis, and Improvement}},
    year={2018},
    volume={26},
    number={4},
    pages={1-14},
}

@INPROCEEDINGS{ICNP18Burst,
    author={D. {Shan} and F. {Ren} and P. {Cheng} and R. {Shu} and C. {Guo}},
    booktitle={IEEE ICNP},
    title={{Micro-Burst in Data Centers: Observations, Analysis, and Mitigations}},
    year={2018},
}

@inproceedings{NSDI10Hedera,
    title = {{Hedera: Dynamic Flow Scheduling for Data Center Networks.}},
    author = {Al-Fares, Mohammad and Radhakrishnan, Sivasankar and Raghavan, Barath and Huang, Nelson and Vahdat, Amin},
    booktitle = {{USENIX NSDI}},
    year = {2010},
}

@inproceedings{NSDI11MB,
    author = {Uyeda, Frank and Foschini, Luca and Baker, Fred and Suri, Subhash and Varghese, George},
    title = {{Efficiently Measuring Bandwidth at All Time Scales}},
    booktitle = {{USENIX NSDI}},
    year = {2011},
}

@inproceedings{NSDI11YU,
    author = {Yu, Minlan and Greenberg, Albert and Maltz, Dave and Rexford, Jennifer and Yuan, Lihua and Kandula, Srikanth and Kim, Changhoon},
    title = {{Profiling Network Performance for Multi-tier Data Center Applications}},
    booktitle = {{USENIX NSDI}},
    year = {2011},
}


@inproceedings{NSDI12HULL,
    author = {Alizadeh, Mohammad and Kabbani, Abdul and Edsall, Tom and Prabhakar, Balaji and Vahdat, Amin and Yasuda, Masato},
    title = {{Less is More: Trading a Little Bandwidth for Ultra-low Latency in the Data Center}},
    booktitle = {{USENIX NSDI}},
    year = {2012},
}

@inproceedings{NSDI13Memcache,
    author = {Nishtala, Rajesh and Fugal, Hans and Grimm, Steven and Kwiatkowski, Marc and Lee, Herman and Li, Harry C. and McElroy, Ryan and Paleczny, Mike and Peek, Daniel and Saab, Paul and Stafford, David and Tung, Tony and Venkataramani, Venkateshwaran},
    title = {{Scaling Memcache at Facebook}},
    booktitle = {{USENIX NSDI}},
    year = {2013},
}

@inproceedings {NSDI13EyeQ,
    author = {Vimalkumar Jeyakumar and Mohammad Alizadeh and David Mazi{\`e}res and Balaji Prabhakar and Albert Greenberg and Changhoon Kim},
    title = {{EyeQ: Practical Network Performance Isolation at the Edge}},
    booktitle = {{USENIX NSDI}},
    year = {2013},
}

@inproceedings{NSDI14CP,
    author = {Cheng, Peng and Ren, Fengyuan and Shu, Ran and Lin, Chuang},
    title = {{Catch the Whole Lot in an Action: Rapid Precise Packet Loss Notification in Data Centers}},
    booktitle = {{USENIX NSDI}},
    year = {2014},
}

@inproceedings {NSDI14SENIC,
    author = {Sivasankar Radhakrishnan and Yilong Geng and Vimalkumar Jeyakumar and Abdul Kabbani and George Porter and Amin Vahdat},
    title = {{{SENIC}: Scalable {NIC} for End-Host Rate Limiting}},
    booktitle = {{USENIX NSDI}},
    year = {2014},
}

@inproceedings {NSDI15PIAS,
    author = {Wei Bai and Li Chen and Kai Chen and Dongsu Han and Chen Tian and Hao Wang},
    title = {{Information-Agnostic Flow Scheduling for Commodity Data Centers}},
    booktitle = {{USENIX NSDI}},
    year = {2015},
}

@inproceedings {NSDI15TCP,
    author = {Glenn Judd},
    title = {{Attaining the Promise and Avoiding the Pitfalls of TCP in the Datacenter}},
    booktitle = {{USENIX NSDI}},
    year = {2015},
}

@inproceedings {NSDI15QJUMP,
    author = {Matthew P. Grosvenor and Malte Schwarzkopf and Ionel Gog and Robert N. M. Watson and Andrew W. Moore and Steven Hand and Jon Crowcroft},
    title = {{Queues Don{\textquoteright}t Matter When You Can JUMP Them!}},
    booktitle = {{USENIX NSDI}},
    year = {2015},
}

@inproceedings {NSDI16MQECN,
    author = {Wei Bai and Li Chen and Kai Chen and Haitao Wu},
    title = {{Enabling ECN in Multi-Service Multi-Queue Data Centers}},
    booktitle = {{USENIX} NSDI},
    year = {2016},
}

@inproceedings {NSDI17FlexSwitch,
    author = {Naveen Kr. Sharma and Antoine Kaufmann and Thomas Anderson and Arvind Krishnamurthy and Jacob Nelson and Simon Peter},
    title = {{Evaluating the Power of Flexible Packet Processing for Network Resource Allocation}},
    booktitle = {{USENIX NSDI}},
    year = {2017},
}

@inproceedings{NSDI18AFQ,
    author = {Naveen Kr. Sharma and Ming Liu and Kishore Atreya and Arvind Krishnamurthy},
    title = {{Approximating Fair Queueing on Reconfigurable Switches}},
    booktitle = {{USENIX NSDI}},
    year = {2018},
}

@inproceedings {NSDI18PCC,
    author = {Mo Dong and Tong Meng and Doron Zarchy and Engin Arslan and Yossi Gilad and Brighten Godfrey and Michael Schapira},
    title = {{PCC Vivace: Online-Learning Congestion Control}},
    booktitle = {{USENIX NSDI}},
    year = {2018},
}

@inproceedings {NSDI18Copa,
    author = {Venkat Arun and Hari Balakrishnan},
    title = {{{Copa}: Practical Delay-Based Congestion Control for the Internet}},
    booktitle = {{USENIX NSDI}},
    year = {2018},
}

@inproceedings {NSDI18Andromeda,
    author = {Michael Dalton and David Schultz and Jacob Adriaens and Ahsan Arefin and Anshuman Gupta and Brian Fahs and Dima Rubinstein and Enrique Cauich Zermeno and Erik Rubow and James Alexander Docauer and Jesse Alpert and Jing Ai and Jon Olson and Kevin DeCabooter and Marc de Kruijf and Nan Hua and Nathan Lewis and Nikhil Kasinadhuni and Riccardo Crepaldi and Srinivas Krishnan and Subbaiah Venkata and Yossi Richter and Uday Naik and Amin Vahdat},
    title = {{Andromeda: Performance, Isolation, and Velocity at Scale in Cloud Network Virtualization}},
    booktitle = {{USENIX NSDI}},
    year = {2018},
}

@inproceedings {NSDI19Loom,
    author = {Brent Stephens and Aditya Akella and Michael Swift},
    title = {{Loom: Flexible and Efficient {NIC} Packet Scheduling}},
    booktitle = {{USENIX NSDI}},
    year = {2019},
}

@inproceedings {NSDI19Eiffel,
    author = {Ahmed Saeed and Yimeng Zhao and Nandita Dukkipati and Ellen Zegura and Mostafa Ammar and Khaled Harras and Amin Vahdat},
    title = {{Eiffel: Efficient and Flexible Software Packet Scheduling}},
    booktitle = {{USENIX NSDI}},
    year = {2019},
}

@inproceedings {NSDI19eRPC,
    author = {Anuj Kalia and Michael Kaminsky and David Andersen},
    title = {{Datacenter {RPCs} can be General and Fast}},
    booktitle = {{USENIX NSDI}},
    year = {2019},
}


@inproceedings {NSDI20PCN,
    author = {Wenxue Cheng and Kun Qian and Wanchun Jiang and Tong Zhang and Fengyuan Ren},
    title = {{Re-architecting Congestion Management in Lossless Ethernet}},
    booktitle = {{USENIX NSDI}},
    year = {2020},
}


@inproceedings {NSDI20CalendarQueue,
    author = {Naveen Kr. Sharma and Chenxingyu Zhao and Ming Liu and Pravein G Kannan and Changhoon Kim and Arvind Krishnamurthy and Anirudh Sivaraman},
    title = {{Programmable Calendar Queues for High-speed Packet Scheduling}},
    booktitle = {{USENIX NSDI}},
    year = {2020},
}

@inproceedings{NSDI22BFC,
    author = {Prateesh Goyal and Preey Shah and Kevin Zhao and Georgios Nikolaidis and Mohammad Alizadeh and Thomas E. Anderson},
    title = {{Backpressure Flow Control}},
    booktitle = {{USENIX NSDI}},
    year = {2022},
}

@inproceedings{NSDI22PowerTCP,
    author = {Vamsi Addanki and Oliver Michel and Stefan Schmid},
    title = {{PowerTCP: Pushing the Performance Limits of Datacenter Networks}},
    booktitle = {{USENIX NSDI}},
    year = {2022},
}

%%%%%%%%%%%%%%%%%%%%%%%%%%%%%%%%%%%%%%%%%%%%
% Books
%%%%%%%%%%%%%%%%%%%%%%%%%%%%%%%%%%%%%%%%%%%%
@unpublished{CCTutorialEPFL,
    author = {Jean-Yves Le Boudec},
    title = {{Rate adaptation, Congestion Control and Fairness: A Tutorial}},
    month = nov,
    year = {2018},
}

@inbook{FairQueuing,
    author = {Nagle, J. B.},
    title = {{On Packet Switches with Infinite Storage}},
    year = {1988},
    publisher = {Artech House, Inc.},
    booktitle = {Innovations in Internetworking},
    pages = {136–139},
    numpages = {4}
}


%%%%%%%%%%%%%%%%%%%%%%%%%%%%%%%%%%%%%%%%%%%%

%%%%%%%%%%%%%%%%%%%%%%%%%%%%%%%%%%%%%%%%%%%%
% Technical Reports
%%%%%%%%%%%%%%%%%%%%%%%%%%%%%%%%%%%%%%%%%%%%
@techreport{SoftNIC,
    author = {Han, Sangjin and Jang, Keon and Panda, Aurojit and Palkar, Shoumik and Han, Dongsu and Ratnasamy, Sylvia},
    title = {{SoftNIC: A Software NIC to Augment Hardware}},
    institution = {EECS Department, University of California, Berkeley},
    year = {2015},
    month = may,
    url = {http://www2.eecs.berkeley.edu/Pubs/TechRpts/2015/EECS-2015-155.html},
    number = {UCB/EECS-2015-155},
}

@techreport{Sinha07PacketSize,
  author = {Sinha, Rishi and Papadopoulos, Christos and Heidemann, John},
  title = {{Internet Packet Size Distributions: Some Observations}},
  institution = {USC/Information Sciences Institute},
  year = {2007},
  month = may,
}

@techreport{Claypool19BBRFair,
  author = {Claypool, Saahil},
  title = {{Sharing but not Caring - Performance of TCP BBR and TCP CUBIC at the Network Bottleneck}},
  institution = {Worcester Polytechnic Institute},
  year = {2019},
  month = mar,
}


%%% RFC
%%%%%%%%%%%%%%%%%%%%%%%%%%%%%%%%%%%%%%%%%%%%
@misc{rfc3168,
    series = {Request for Comments},
    number = 3168,
    howpublished = {RFC 3168},
    publisher = {RFC Editor},
    author = {Ramakrishnan, K and Floyd, Sally and Black, David and others},
    title = {{The Addition of Explicit Congestion Notification (ECN) to IP}},
    YEAR = 2001,
    MONTH = sep,
}

@misc{rfc8312,
    series = {Request for Comments},
    number = 8312,
    howpublished = {RFC 8312},
    publisher = {RFC Editor},
    author = {Injong Rhee and Lisong Xu and Sangtae Ha and Alexander Zimmermann and Lars Eggert and Richard Scheffenegger},
    title = {{CUBIC for Fast Long-Distance Networks}},
    year = 2018,
    month = feb,
}

%%% IEEE standards
%%%%%%%%%%%%%%%%%%%%%%%%%%%%%%%%%%%%%%%%%%%%
@misc{IEEE802.3x,
    subtitle = {{IEEE Standards for Local and Metropolitan Area Networks: Supplements to Carrier Sense Multiple Access With Collision Detection (CSMA/CD) Access Method and Physical Layer Specifications - Specification for 802.3 Full Duplex Operation and Physical Layer Specification for 100 Mb/s Operation on Two Pairs of Category 3 Or Better Balanced Twisted Pair Cable (100BASE-T2)}},
    date = {1997-11-18},
    title = {{IEEE 802.3x-1997}},
    organization = {The IEEE Standards Association},
}

%%% Intel
%%%%%%%%%%%%%%%%%%%%%%%%%%%%%%%%%%%%%%%%%%%%
@incollection{IntelRSC,
    booktitle = {HiPC 2006},
    year = {},
    title = {{Receive Side Coalescing for Accelerating TCP/IP Processing}},
    author = {Makineni, Srihari and Iyer, Ravi and others},
}

%%% Broadcom
%%%%%%%%%%%%%%%%%%%%%%%%%%%%%%%%%%%%%%%%%%%%
@report{BroadcomSmartBuffer,
    author = {Das, Sujal and Sankar, Rochan},
    title = {{Broadcom Smart-Buffer Technology in Data Center Switches for Cost-Effective Performance Scaling of Cloud Applications}},
    type = {White Paper},
    institution = {Broadcom},
    year = {2012},
    month = {4},
}

@report{BroadcomTomahawk4,
    author = {Wheeler, Bob},
    title = {{Tomahawk 4 Switch First to 25.6Tbps}},
    subtitle = {{Broadcom Doubles 400Gbps Ports With Unprecedented 512 Serdes}},
    type = {Microprocessor Report},
    institution = {The Linley Group},
    year = {2019},
    month = {12},
    url = {https://www.linleygroup.com/mpr/article.php?id=12237},
}

@report{BroadcomTrident3,
    author = {Arcilla, Alex and Palmer, Tony},
    title = {{Broadcom Trident 3 Platform Performance Analysis}},
    type = {White Paper},
    institution = {Broadcom},
    year = {2019},
    month = {5},
    url = {https://docs.broadcom.com/doc/12395356},
}

@online{BroadcomTrident4,
    title = {{Trident4 / BCM56880 Series}},
    subtitle = {{High-Capacity StrataXGS\textsuperscript{\textregistered} Trident4 Ethernet Switch Series}},
    organization = {Broadcom},
    url = {https://www.broadcom.com/products/ethernet-connectivity/switching/strataxgs/bcm56880-series},
}

@manual{BCM88800TM,
    title = {{BCM88800 Traffic Management Architecture}},
    type = {Design Guide},
    organization = {Broadcom},
    year = {2021},
    month = {2},
    url = {https://docs.broadcom.com/doc/88800-DG1-PUB},
}

%%% Cisco
%%%%%%%%%%%%%%%%%%%%%%%%%%%%%%%%%%%%%%%%%%%%
@report{CiscoMicroburstMonitor,
    title = {{Monitor Microbursts on Cisco Nexus 5600 Platform and Cisco Nexus 6000 Series Switches}},
    type = {White Paper},
    institution = {Cisco},
    year = {2014},
    month = {10},
    url = {http://www.cisco.com/c/en/us/products/collateral/switches/nexus-5000-series-switches/white-paper-c11-733020.pdf},
}

@report{Ciscohybridbuffer,
    title = {{Converged Web Scale Switching and Routing Becomes a Reality}},
    type = {White Paper},
    institution = {Cisco},
    year = {2020},
    url = {https://www.cisco.com/c/dam/en/us/solutions/collateral/silicon-one/white-paper-sp-hybrid-buffer-architecture.pdf},
}


@techreport{CiscoPolicingAndShaping,
    title = {{Comparing Traffic Policing and Traffic Shaping for Bandwidth Limiting}},
    institution = {Cisco},
    year = {2014},
    month = {5},
    url = {https://www.cisco.com/c/en/us/support/docs/quality-of-service-qos/qos-policing/19645-policevsshape.html},
}

@report{CiscoNexus3100,
    title = {{Cisco Nexus 3100 Platform Switch Architecture}},
    type = {White Paper},
    institution = {Cisco},
    year = {2013},
    month = {10},
    url = {https://www.cisco.com/c/dam/assets/events/i/interop-ny-Cisco-Nexus3100-Switch-Architecture-Whitepaper.pdf},
}

@report{CiscoNcs5500,
    title = {{Cisco NCS 5500/5700 Fixed 
Platforms Architecture}},
    type = {White Paper},
    institution = {Cisco},
    year = {2024},
    month = {2},
    url = {https://www.cisco.com/c/en/us/products/collateral/routers/network-convergence-system-5500-series/ncs-5500-5700-platform-ar-wp.pdf},
}

@report{CiscoNexus7000PFC,
    title = {{Priority Flow Control: Build Reliable Layer 2 Infrastructure}},
    type = {White Paper},
    institution = {Cisco},
    year = {2015},
    month = {9},
    url = {https://www.cisco.com/c/en/us/products/collateral/switches/nexus-7000-series-switches/white_paper_c11-542809.pdf},
}

@report{CiscoNexus9300,
    title = {{Cisco Nexus 9300-EX Platform Switches Architecture}},
    type = {White Paper},
    institution = {Cisco},
    year = {2017},
    url = {https://www.cisco.com/c/dam/global/nl_nl/solutions/data-center-virtualization/pdfs/Cisco_Nexus_9300_EX_Platform_Switches_white_paper_NL.pdf},
}

@report{CiscoNexus9300IB,
    title = {{Intelligent Buffer Management on Cisco Nexus 9000 Series Switches}},
    type = {White Paper},
    institution = {Cisco},
    year = {2017},
    month = {6},
    url = {https://www.cisco.com/c/en/us/products/collateral/switches/nexus-9000-series-switches/white-paper-c11-738488.pdf},
}

@report{CiscoNexus9300Buffer,
    title = {{Cisco Nexus 9300 Platform Buffer and Queuing Architecture}},
    type = {White Paper},
    institution = {Cisco},
    year = {2014},
    month = {11},
    url = {https://www.cisco.com/c/en/us/products/collateral/switches/nexus-9000-series-switches/white-paper-c11-732452.pdf},
}

@report{CiscoNexus9500,
    title = {{Cisco Nexus 9500 Series Switches Architecture}},
    type = {White Paper},
    institution = {Cisco},
    year = {2017},
    month = {12},
    url = {https://www.cisco.com/c/en/us/products/collateral/switches/nexus-9000-series-switches/white-paper-c11-729987.pdf},
}

@misc{CiscoNexus3000Slide,
    author = {Taifehesmatian, Faraz},
    title = {{Cisco Nexus 3000 Switch Architecture}},
    organization = {Cisco},
    year = {2018},
    month = {6},
    url = {https://people.ucsc.edu/~warner/Bufs/BRKDCN-3734.pdf},
}

@manual{CiscoNexus9000ConfigGuide,
    title = {{Cisco Nexus 9000 Series NX-OS Quality of Service Configuration Guide, Release 6.x}},
    organization = {Cisco},
    date = {2020-04-22},
    url = {https://www.cisco.com/c/en/us/td/docs/switches/datacenter/nexus9000/sw/6-x/qos/configuration/guide/b_Cisco_Nexus_9000_Series_NX-OS_Quality_of_Service_Configuration_Guide.pdf},
}

%%% Mellanox
%%%%%%%%%%%%%%%%%%%%%%%%%%%%%%%%%%%%%%%%%%%%
@online{MellanoxRoCEConfig,
    title = {{How To Configure Mellanox Spectrum Switch for Lossless RoCE}},
    organization = {Mellanox},
    year = {2018},
    month = {12},
    url = {https://support.mellanox.com/s/article/howto-configure-mellanox-spectrum-switch-for-lossless-roce},
}

@online{MellanoxDT,
    title = {{Understanding the Alpha Parameter in the Buffer Configuration of Mellanox Spectrum Switches}},
    organization = {Mellanox},
    year = {2018},
    month = {12},
    url = {https://support.mellanox.com/s/article/howto-configure-mellanox-spectrum-switch-for-lossless-roce},
}


%%% Intel
%%%%%%%%%%%%%%%%%%%%%%%%%%%%%%%%%%%%%%%%%%%%
@manual{TofinoNativeArch,
    title = {{P4$_{16}$ Intel\textsuperscript{\textregistered} Tofino\textsuperscript{\texttrademark} Native Architecture - Public Version}},
    organization = {Intel},
    type = {Application Note},
    year = {2021},
    month = {04},
    url = {https://github.com/barefootnetworks/Open-Tofino/raw/master/PUBLIC_Tofino-Native-Arch.pdf},
    number = {631348-0001},
}

%%% Others from industry
%%%%%%%%%%%%%%%%%%%%%%%%%%%%%%%%%%%%%%%%%%%%
@misc{jumboframe,
    title = {{Extended Frame Sized for Next Generation Ethernets}},
    howpublished = "White Paper",
    author = "{Alteon Websystems}",
    year={2000},
    publisher={whitepaper}
}

@misc{financial,
    title = {{Performance Management for Latency-Intolerant Financial Trading Networks.}},
    howpublished = {Financial Service Technology},
}

@report{ExtremeBuffer,
    title = {{Congestion Management and Buffering in Data Center Networks}},
    institution = {Extreme Networks},
    type = {White Paper},
    year = {2014},
    url = {http://learn.extremenetworks.com/rs/extreme/images/Congestion-Management-and-Buffering-wp.pdf},
    % urldate = {2022-06-05},
}


@misc{Arista09Microburst,
    title = {{Myths about ``Microbursts''}},
    howpublished = "White Paper",
    author = "{Arista Networks}",
    year = {2009},
    url = "http://www.arista.com/assets/data/pdf/7148sx-ixnetwork-microburst.pdf",
}

@misc{Arista14Microburst,
    title = {{Microbursts, Jitter and Buffers}},
    howpublished = "White Paper",
    author = "{Arista Networks}",
    year = {2014},
    url = "https://www.arista.com/assets/data/pdf/TechBulletins/AristaMicrobursts.pdf",
}

@report{Arista7050X3,
    title = {{Arista 7050X3 Series Switch Architecture}},
    type = {White Paper},
    institution = {Arista},
    year = {2013},
    month = {10},
    url = {https://www.arista.com/assets/data/pdf/Whitepapers/7050X3_Architecture_WP.pdf},
}

%%% Others from academic
%%%%%%%%%%%%%%%%%%%%%%%%%%%%%%%%%%%%%%%%%%%%
@misc{VivaceProof,
    title = {{Full Proof of Theorems of PCC Vivace}},
    howpublished = {\url{http://ttmeng.net/pubs/vivace_proof.pdf}},
}

@techreport{FairnessIndex,
    title = {{A Quantitative Measure of Fairness and Discrimination}},
    author={Jain, Rajendra K and Chiu, Dah-Ming W and Hawe, William R},
    number={DEC Research Report TR-301},
    year={1984},
    month = sep,
}

@techreport{UCB01Furies,
  title = {{Furies: A Scalable Framework for Traffic Policing and Admission Control}},
  author={Chuah, C and Subramarian, L and Katz, R},
  number={UCB//CSD-01-1144},
  institution={UC Berkeley},
  year={2001},
  month=may,
}

@techreport{MLabPolicing,
    title = {{A Longitudinal Analysis of Traffic Policing Across the Web}},
    author = {Flach, Tobias and Pedrosa, Luis and Katz-Bassett, Ethan and Govindan, Ramesh},
    number={15-961},
    institution={USC Computer Science},
    year={2015},
}

@techreport{TCP-pacing-revisited,
    title = {{TCP Pacing Revisited}},
    author={Wei, D and Cao, Pei and Low, S},
    % booktitle={{IEEE INFOCOM}},
    % year={2006},
}

%%%%%%%%%%%%%%%%%%%%%%%%%%%%%%%%%%%%%%%%%%%%
% Websites
%%%%%%%%%%%%%%%%%%%%%%%%%%%%%%%%%%%%%%%%%%%%

@misc{JeffTalk,
    author = {Jeff Rothschild},
    title = {{High performance at massive scale: Lessons learned at facebook}},
    howpublished = "\url{https://www.youtube.com/watch?v=KIRzk08NMNo}",
    year = {2009},
}

@misc{ns2Pacing,
    title = {{A TCP pacing implementation for NS2}},
    howpublished = {\url{http://netlab.caltech.edu/projects/ns2tcplinux/ns2pacing/}}
}

@misc{ns-2,
    title = {{ns-2}},
    howpublished = {\url{http://www.isi.edu/nsnam/ns/}},
}

@misc{ns-3,
    title = {{ns-3}},
    howpublished = {\url{https://www.nsnam.org/}},
}

@misc{NetFPGA,
    title = {{The NetFPGA Project}},
    howpublished = {\url{https://netfpga.org/}}
}

@misc{DPDK,
    title = {{Intel DPDK}},
    howpublished = {\url{https://www.dpdk.org/}}
}

@misc{ApacheStorm,
    title = {{Apache Storm}},
    howpublished={\url{http://storm.apache.org/}}
}

@misc{WindowsCubic,
    author = {Microsoft},
    title = {{Updates on Windows TCP}},
    howpublished = "\url{https://datatracker.ietf.org/meeting/100/materials/slides-100-tcpm-updates-on-windows-tcp}",
    year = {2017},
    month = nov,
}

@misc{VivaceGitHub,
    title = {{PCC Vivace} code},
    howpublished = {\url{https://github.com/PCCproject/PCC-Uspace}},
}

@misc{CopaGitHub,
    title = {{Copa} code},
    howpublished = {\url{https://github.com/venkatarun95/genericCC}},
}

@misc{HPCCGitHub,
    title = {{HPCC} code},
    howpublished = {\url{https://github.com/alibaba-edu/High-Precision-Congestion-Control}},
}

@online{CopaFacebook,
    title = {{Evaluating Copa Congestion Control for Improved Video Performance}},
    author = {Nitin Garg},
    url = {https://engineering.fb.com/video-engineering/copa/},
    date = {2019-11-17},
    organization = {Facebook},
}

@online{BBRDropbox,
    title = {{Evaluating BBRv2 on the Dropbox Edge Network}},
    author = {Alexey Ivanov},
    url = {https://dropbox.tech/infrastructure/evaluating-bbrv2-on-the-dropbox-edge-network},
    date = {2019-12-17},
    organization = {Dropbox},
}

@online{CAIDAPacketLength,
    title = {{Packet Size Distribution Comparison Between Internet Links in 1998 and 2008}},
    url = {https://www.caida.org/research/traffic-analysis/pkt_size_distribution/graphs.xml},
    organization = {CAIDA},
}

@oneline{tsq,
    title = {{TCP small queues}},
    url = {https://lwn.net/Articles/507065/},
    date = {2012-07-17},
}

@online{linux-edt,
    title = {{tcp: switch to Early Departure Time model}},
    url = {https://lwn.net/Articles/766564/},
    date = {2018-09-21},
}

@online{linux-gso-always-on,
    title = {{tcp: switch to GSO being always on}},
    url = {https://git.kernel.org/pub/scm/linux/kernel/git/torvalds/linux.git/commit/?id=0a6b2a1dc2a2105f178255fe495eb914b09cb37a},
    date = {2018-02-21},
}

@online{BESS,
    title = {{BESS: Berkeley Extensible Software Switch}},
    url = {http://span.cs.berkeley.edu/bess.html},
}

@online{EiffelLinuxImplementation,
    title = {{Kernel Implementation of Eiffel}},
    url = {https://github.com/saeed/eiffel_linux/tree/working_ffs-based_qdisc},
}

@online{CarouselLinuxImplementation,
    title = {{Kernel Implementation of Carousel}},
    url = {https://github.com/saeed/eiffel_linux/tree/v4.10-gq},
}

@online{LinuxInternalPacing,
    title = {{tcp: internal implementation for pacing}},
    url = {https://git.kernel.org/pub/scm/linux/kernel/git/torvalds/linux.git/commit/?id=218af599fa635b107cfe10acf3249c4dfe5e4123},
    date = {2017-05-16},
}

@online{tc-fq,
    title = {{pkt\_sched: fq: Fair Queue packet scheduler}},
    url = {https://git.kernel.org/pub/scm/linux/kernel/git/torvalds/linux.git/commit/?id=218af599fa635b107cfe10acf3249c4dfe5e4123},
    date = {2013-08-24},
}

@online{tc-tbf,
    title = {{tc-tbf}},
    url = {https://man7.org/linux/man-pages/man8/tc-tbf.8.html},
    date = {2001-12-13},
}

@online{tc-htb,
    title = {{tc-htb}},
    url = {https://man7.org/linux/man-pages/man8/tc-htb.8.html},
    date = {2002-01-10},
}

@online{neper,
    title = {{neper: a Linux networking performance tool}},
    url = {https://github.com/google/neper},
    date = {2021-11-02},
}

@online{PFC,
    title = {{802.1Qbb – Priority-based Flow Control}},
    url = {https://1.ieee802.org/dcb/802-1qbb},
    date = {2011-07-16},
    author = {{IEEE DCB}},
}

@online{PFCProposal,
    title = {{Proposal for Priority Based Flow Control}},
    date = {2008-05-08},
    author = {{IEEE DCB}},
    url = {https://www.ieee802.org/1/files/public/docs2008/bb-pelissier-pfc-proposal-0508.pdf},
}

@online{infiniband,
    title = {{InfiniBand Architecture Specification Volume 1 Release 1.4}},
    url = {https://cw.infinibandta.org/document/dl/8567},
    date = {2020-04-07},
    author = {{InfiniBand Trade Association}},
}

@online{AdaptivePFCHeadroom,
    title = {{Adaptive PFC Headroom and PTP}},
    url = {https://www.ieee802.org/1/files/public/docs2021/new-lv-adaptive-pfc-headroom-and-PTP-0602-v03.pdf},
    date = {2021},
    author = {Lily Lv},
    organization = {IEEE 802.1},
}

%%%%%%%%%%%%%%%%%%%%%%%%%%%%%%%%%%%%%%%%%%%%
% Patents
%%%%%%%%%%%%%%%%%%%%%%%%%%%%%%%%%%%%%%%%%%%%

@patent{yadav2018mb,
    title = {{Federated microburst detection}},
    author = {Yadav, Navindra and Attar, Mohammadreza Alizadeh and Gandham, Shashi and Singh, Abhishek and Chang, Shih-Chun},
    year = {2018},
    assignee = {Cisco Technology Inc},
    month = may,
    publisher={Google Patents},
}

@inproceedings{SIGCOMM88TCP,
    author = {Jacobson, V.},
    title = {{Congestion Avoidance and Control}},
    booktitle = {ACM SIGCOMM},
    year = {1988},
}

@inproceedings{SIGCOMM91ACK-compression,
    author = {Zhang, Lixia and Shenker, Scott and Clark, Daivd D.},
    title = {{Observations on the Dynamics of a Congestion Control Algorithm: The Effects of Two-way Traffic}},
    booktitle = {ACM SIGCOMM},
    year = {1991},
}

@inproceedings{SIGCOMM95DRR,
    author = {Shreedhar, M. and Varghese, George},
    title = {{Efficient Fair Queueing Using Deficit Round Robin}},
    booktitle = {ACM SIGCOMM},
    year = {1995},
}

@inproceedings{SIGCOMM98CSFQ,
    author = {Stoica, Ion and Shenker, Scott and Zhang, Hui},
    title = {{Core-Stateless Fair Queueing: Achieving Approximately Fair Bandwidth Allocations in High Speed Networks}},
    booktitle = {ACM SIGCOMM},
    year = {1998},
}



@inproceedings{SIGCOMM05Refeedback,
    author = {Briscoe, Bob and Jacquet, Arnaud and Di Cairano-Gilfedder, Carla and Salvatori, Alessandro and Soppera, Andrea and Koyabe, Martin},
    title = {{Policing Congestion Response in an Internetwork Using Re-feedback}},
    booktitle = {ACM SIGCOMM},
    year = {2005},
    % pages = {277--288},
}


@inproceedings{SIGCOMM09incast,
    author = {Vasudevan, Vijay and Phanishayee, Amar and Shah, Hiral and Krevat, Elie and Andersen, David G. and Ganger, Gregory R. and Gibson, Garth A. and Mueller, Brian},
    title = {{Safe and Effective Fine-grained TCP Retransmissions for Datacenter Communication}},
    booktitle = {ACM SIGCOMM},
    year = {2009},
}

@inproceedings{SIGCOMM09VL2,
    author = {Greenberg, Albert and Hamilton, James R. and Jain, Navendu and Kandula, Srikanth and Kim, Changhoon and Lahiri, Parantap and Maltz, David A. and Patel, Parveen and Sengupta, Sudipta},
    title = {{VL2: A Scalable and Flexible Data Center Network}},
    booktitle = {ACM SIGCOMM},
    year = {2009},
}

@inproceedings{SIGCOMM10DCTCP,
    author = {Alizadeh, Mohammad and Greenberg, Albert and Maltz, David A. and Padhye, Jitendra and Patel, Parveen and Prabhakar, Balaji and Sengupta, Sudipta and Sridharan, Murari},
    title = {{Data Center TCP (DCTCP)}},
    booktitle = {ACM SIGCOMM},
    year = {2010},
}

@inproceedings{SIGCOMM11D3,
  author = {Wilson, Christo and Ballani, Hitesh and Karagiannis, Thomas and Rowtron, Ant},
  title = {{Better Never Than Late: Meeting Deadlines in Datacenter Networks}},
  booktitle = {ACM SIGCOMM},
  year = {2011},
}

@inproceedings{SIGCOMM12D2TCP,
  author = {Vamanan, Balajee and Hasan, Jahangir and Vijaykumar, T.N.},
  title = {{Deadline-aware Datacenter TCP (D2TCP)}},
  booktitle = {ACM SIGCOMM},
  year = {2012},
}

@inproceedings{SIGCOMM12DeTail,
    author = {Zats, David and Das, Tathagata and Mohan, Prashanth and Borthakur, Dhruba and Katz, Randy},
    title = {{DeTail: Reducing the Flow Completion Time Tail in Datacenter Networks}},
    booktitle = {ACM SIGCOMM},
    year = {2012},
}

@inproceedings{SIGCOMM12PDQ,
    author = {Hong, Chi-Yao and Caesar, Matthew and Godfrey, P. Brighten},
    title = {{Finishing Flows Quickly with Preemptive Scheduling}},
    booktitle = {ACM SIGCOMM},
    year = {2012},
}

@inproceedings{SIGCOMM13pFabric,
    author = {Alizadeh, Mohammad and Yang, Shuang and Sharif, Milad and Katti, Sachin and McKeown, Nick and Prabhakar, Balaji and Shenker, Scott},
    title = {{pFabric: Minimal Near-optimal Datacenter Transport}},
    booktitle = {ACM SIGCOMM},
    year = {2013},
}

@inproceedings{SIGCOMM13Remy,
    author = {Winstein, Keith and Balakrishnan, Hari},
    title = {{TCP Ex Machina: Computer-generated Congestion Control}},
    booktitle = {ACM SIGCOMM},
    year = {2013},
}


@inproceedings{SIGCOMM14Fastpass,
    author = {Perry, Jonathan and Ousterhout, Amy and Balakrishnan, Hari and Shah, Devavrat and Fugal, Hans},
    title = {{Fastpass: A Centralized "Zero-queue" Datacenter Network}},
    booktitle = {ACM SIGCOMM},
    year = {2014},
}

@inproceedings{SIGCOMM14Quartz,
    author = {Liu, Yunpeng James and Gao, Peter Xiang and Wong, Bernard and Keshav, Srinivasan},
    title = {{Quartz: A New Design Element for Low-latency DCNs}},
    booktitle = {ACM SIGCOMM},
    year = {2014},
}

@inproceedings{SIGCOMM14TPP,
    author = {Jeyakumar, Vimalkumar and Alizadeh, Mohammad and Geng, Yilong and Kim, Changhoon and Mazi\`{e}res, David},
    title = {{Millions of Little Minions: Using Packets for Low Latency Network Programming and Visibility}},
    booktitle = {ACM SIGCOMM},
    year = {2014},
}

@inproceedings{SIGCOMM15INT,
    author={Kim, Changhoon and Sivaraman, Anirudh and Katta, Naga and Bas, Antonin and Dixit, Advait and Wobker, Lawrence J},
    title={{In-band network telemetry via programmable dataplanes}},
    booktitle={ACM SIGCOMM (Poster)},
    year = {2015},
}

@inproceedings{SIGCOMM15Pingmesh,
    author = {Guo, Chuanxiong and Yuan, Lihua and Xiang, Dong and Dang, Yingnong and Huang, Ray and Maltz, Dave and Liu, Zhaoyi and Wang, Vin and Pang, Bin and Chen, Hua and Lin, Zhi-Wei and Kurien, Varugis},
    title = {{Pingmesh: A Large-Scale System for Data Center Network Latency Measurement and Analysis}},
    booktitle = {ACM SIGCOMM},
    year = {2015},
}

@inproceedings{SIGCOMM15DCQCN,
    author = {Zhu, Yibo and Eran, Haggai and Firestone, Daniel and Guo, Chuanxiong and Lipshteyn, Marina and Liron, Yehonatan and Padhye, Jitendra and Raindel, Shachar and Yahia, Mohamad Haj and Zhang, Ming},
    title = {{Congestion Control for Large-Scale RDMA Deployments}},
    booktitle = {ACM SIGCOMM},
    year = {2015},
}

@inproceedings{SIGCOMM15TIMELY,
    author = {Mittal, Radhika and Lam, Vinh The and Dukkipati, Nandita and Blem, Emily and Wassel, Hassan and Ghobadi, Monia and Vahdat, Amin and Wang, Yaogong and Wetherall, David and Zats, David},
    title = {{TIMELY: RTT-based Congestion Control for the Datacenter}},
    booktitle = {ACM SIGCOMM},
    year = {2015},
}

@inproceedings{SIGCOMM15Jupiter,
    author = {Singh, Arjun and Ong, Joon and Agarwal, Amit and Anderson, Glen and Armistead, Ashby and Bannon, Roy and Boving, Seb and Desai, Gaurav and Felderman, Bob and Germano, Paulie and Kanagala, Anand and Provost, Jeff and Simmons, Jason and Tanda, Eiichi and Wanderer, Jim and H\"{o}lzle, Urs and Stuart, Stephen and Vahdat, Amin},
    title = {{Jupiter Rising: A Decade of Clos Topologies and Centralized Control in Google's Datacenter Network}},
    booktitle = {ACM SIGCOMM},
    year = {2015},
}

@inproceedings{SIGCOMM15FB,
    author = {Roy, Arjun and Zeng, Hongyi and Bagga, Jasmeet and Porter, George and Snoeren, Alex C.},
    title = {{Inside the Social Network's (Datacenter) Network}},
    booktitle = {ACM SIGCOMM},
    year = {2015},
}

@inproceedings{SIGCOMM15BwE,
    author = {Kumar, Alok and Jain, Sushant and Naik, Uday and Raghuraman, Anand and Kasinadhuni, Nikhil and Zermeno, Enrique Cauich and Gunn, C. Stephen and Ai, Jing and Carlin, Bj\"{o}rn and Amarandei-Stavila, Mihai and Robin, Mathieu and Siganporia, Aspi and Stuart, Stephen and Vahdat, Amin},
    title = {{BwE: Flexible, Hierarchical Bandwidth Allocation for WAN Distributed Computing}},
    booktitle = {ACM SIGCOMM},
    year = {2015},
}

@inproceedings{SIGCOMM15Silo,
    author = {Jang, Keon and Sherry, Justine and Ballani, Hitesh and Moncaster, Toby},
    title = {{Silo: Predictable Message Latency in the Cloud}},
    booktitle = {ACM SIGCOMM},
    year = {2015},
}

@inproceedings{SIGCOMM16Karuna,
    author = {Chen, Li and Chen, Kai and Bai, Wei and Alizadeh, Mohammad},
    title = {{Scheduling Mix-flows in Commodity Datacenters with Karuna}},
    booktitle = {ACM SIGCOMM},
    year = {2016},
}

@inproceedings{SIGCOMM16Policing,
    author = {Flach, Tobias and Papageorge, Pavlos and Terzis, Andreas and Pedrosa, Luis and Cheng, Yuchung and Karim, Tayeb and Katz-Bassett, Ethan and Govindan, Ramesh},
    title = {{An Internet-Wide Analysis of Traffic Policing}},
    booktitle = {ACM SIGCOMM},
    year = {2016},
}

@inproceedings{SIGCOMM16RDMA,
    author = {Guo, Chuanxiong and Wu, Haitao and Deng, Zhong and Soni, Gaurav and Ye, Jianxi and Padhye, Jitu and Lipshteyn, Marina},
    title = {{RDMA over Commodity Ethernet at Scale}},
    booktitle = {ACM SIGCOMM},
    year = {2016},
}

@inproceedings{SIGCOMM16PISCES,
    author = {Shahbaz, Muhammad and Choi, Sean and Pfaff, Ben and Kim, Changhoon and Feamster, Nick and McKeown, Nick and Rexford, Jennifer},
    title = {{PISCES: A Programmable, Protocol-Independent Software Switch}},
    booktitle = {ACM SIGCOMM},
    year = {2016},
}

@inproceedings{SIGCOMM16PIFO,
    author = {Sivaraman, Anirudh and Subramanian, Suvinay and Alizadeh, Mohammad and Chole, Sharad and Chuang, Shang-Tse and Agrawal, Anurag and Balakrishnan, Hari and Edsall, Tom and Katti, Sachin and McKeown, Nick},
    title = {{Programmable Packet Scheduling at Line Rate}},
    booktitle = {ACM SIGCOMM},
    year = {2016},
}

@inproceedings{SIGCOMM17ExpressPass,
    author = {Cho, Inho and Jang, Keon and Han, Dongsu},
    title = {{Credit-Scheduled Delay-Bounded Congestion Control for Datacenters}},
    booktitle = {ACM SIGCOMM},
    year = {2017},
}

@inproceedings{SIGCOMM17Micro,
    author = {Ghorbani, Soudeh and Yang, Zibin and Godfrey, Brighten and Ganjali, Yashar and Firoozshahian, Amin},
    title = {{Micro Load Balancing in Datacenters with DRILL}},
    booktitle = {ACM SIGCOMM},
    year = {2017},
}

@inproceedings{SIGCOMM17Marple,
    author = {Narayana, Srinivas and Sivaraman, Anirudh and Nathan, Vikram and Goyal, Prateesh and Arun, Venkat and Alizadeh, Mohammad and Jeyakumar, Vimalkumar and Kim, Changhoon},
    title = {{Language-Directed Hardware Design for Network Performance Monitoring}},
    booktitle = {ACM SIGCOMM},
    year = {2017},
}

@inproceedings{SIGCOMM17QUIC,
    author = {Langley, Adam and Riddoch, Alistair and Wilk, Alyssa and Vicente, Antonio and Krasic, Charles and Zhang, Dan and Yang, Fan and Kouranov, Fedor and Swett, Ian and Iyengar, Janardhan and Bailey, Jeff and Dorfman, Jeremy and Roskind, Jim and Kulik, Joanna and Westin, Patrik and Tenneti, Raman and Shade, Robbie and Hamilton, Ryan and Vasiliev, Victor and Chang, Wan-Teh and Shi, Zhongyi},
    title = {{The {QUIC} Transport Protocol: Design and Internet-Scale Deployment}},
    booktitle = {ACM SIGCOMM},
    year = {2017},
}

@inproceedings{SIGCOMM17NDP,
    author = {Handley, Mark and Raiciu, Costin and Agache, Alexandru and Voinescu, Andrei and Moore, Andrew W. and Antichi, Gianni and W\'{o}jcik, Marcin},
    title = {{Re-architecting Datacenter Networks and Stacks for Low Latency and High Performance}},
    booktitle = {ACM SIGCOMM},
    year = {2017},
}

@inproceedings{SIGCOMM17Carousel,
    author = {Saeed, Ahmed and Dukkipati, Nandita and Valancius, Vytautas and The Lam, Vinh and Contavalli, Carlo and Vahdat, Amin},
    title = {{Carousel: Scalable Traffic Shaping at End Hosts}},
    booktitle = {ACM SIGCOMM},
    year = {2017},
}

@inproceedings{SIGCOMM18AuTO,
    author = {Chen, Li and Lingys, Justinas and Chen, Kai and Liu, Feng},
    title = {{AuTO: Scaling Deep Reinforcement Learning for Datacenter-Scale Automatic Traffic Optimization}},
    booktitle = {ACM SIGCOMM},
    year = {2018},
}

@inproceedings{SIGCOMM18Homa,
    author = {Montazeri, Behnam and Li, Yilong and Alizadeh, Mohammad and Ousterhout, John},
    title = {{Homa: A Receiver-driven Low-latency Transport Protocol Using Network Priorities}},
    booktitle = {ACM SIGCOMM},
    year = {2018},
}

@inproceedings{SIGCOMM18PCIe,
    author = {Neugebauer, Rolf and Antichi, Gianni and Zazo, Jos\'{e} Fernando and Audzevich, Yury and L\'{o}pez-Buedo, Sergio and Moore, Andrew W.},
    title = {{Understanding PCIe Performance for End Host Networking}},
    year = {2018},
    booktitle = {ACM SIGCOMM},
}

@inproceedings{SIGCOMM19GFC,
    author = {Qian, Kun and Cheng, Wenxue and Zhang, Tong and Ren, Fengyuan},
    title = {{Gentle Flow Control: Avoiding Deadlock in Lossless Networks}},
    booktitle = {ACM SIGCOMM},
    year = {2019},
}

@inproceedings{SIGCOMM19HPCC,
    author = {Li, Yuliang and Miao, Rui and Liu, Hongqiang Harry and Zhuang, Yan and Feng, Fei and Tang, Lingbo and Cao, Zheng and Zhang, Ming and Kelly, Frank and Alizadeh, Mohammad and Yu, Minlan},
    title = {{HPCC: High Precision Congestion Control}},
    booktitle = {ACM SIGCOMM},
    year = {2019},
}

@inproceedings{SIGCOMM19PicNIC,
    author = {Kumar, Praveen and Dukkipati, Nandita and Lewis, Nathan and Cui, Yi and Wang, Yaogong and Li, Chonggang and Valancius, Valas and Adriaens, Jake and Gribble, Steve and Foster, Nate and Vahdat, Amin},
    title = {{PicNIC: Predictable Virtualized NIC}},
    booktitle = {ACM SIGCOMM},
    year = {2019},
}

@inproceedings{SIGCOMM19TrafficDiff,
    author = {Li, Fangfan and Niaki, Arian Akhavan and Choffnes, David and Gill, Phillipa and Mislove, Alan},
    title = {{A Large-Scale Analysis of Deployed Traffic Differentiation Practices}},
    booktitle = {ACM SIGCOMM},
    year = {2019},
}

@inproceedings{SIGCOMM19PIEO,
    author = {Shrivastav, Vishal},
    title = {{Fast, Scalable, and Programmable Packet Scheduler in Hardware}},
    booktitle = {ACM SIGCOMM},
    year = {2019},
}

@inproceedings{SIGCOMM20PCC,
    author = {Meng, Tong and Schiff, Neta Rozen and Godfrey, P. Brighten and Schapira, Michael},
    title = {{PCC Proteus: Scavenger Transport And Beyond}},
    booktitle = {ACM SIGCOMM},
    year = {2020},
}

@inproceedings{SIGCOMM20Orca,
    author = {Abbasloo, Soheil and Yen, Chen-Yu and Chao, H. Jonathan},
    title = {{Classic Meets Modern: A Pragmatic Learning-Based Congestion Control for the Internet}},
    booktitle = {ACM SIGCOMM},
    year = {2020},
}

@inproceedings{SIGCOMM20Swift,
    author = {Kumar, Gautam and Dukkipati, Nandita and Jang, Keon and Wassel, Hassan M. G. and Wu, Xian and Montazeri, Behnam and Wang, Yaogong and Springborn, Kevin and Alfeld, Christopher and Ryan, Michael and Wetherall, David and Vahdat, Amin},
    title = {{Swift: Delay is Simple and Effective for Congestion Control in the Datacenter}},
    booktitle = {ACM SIGCOMM},
    year = {2020},
}

@inproceedings{SIGCOMM20MasQ,
    author = {He, Zhiqiang and Wang, Dongyang and Fu, Binzhang and Tan, Kun and Hua, Bei and Zhang, Zhi-Li and Zheng, Kai},
    title = {{MasQ: RDMA for Virtual Private Cloud}},
    booktitle = {ACM SIGCOMM},
    year = {2020},
}

@inproceedings{SIGCOMM201RMA,
    author = {Singhvi, Arjun and Akella, Aditya and Gibson, Dan and Wenisch, Thomas F. and Wong-Chan, Monica and Clark, Sean and Martin, Milo M. K. and McLaren, Moray and Chandra, Prashant and Cauble, Rob and Wassel, Hassan M. G. and Montazeri, Behnam and Sabato, Simon L. and Scherpelz, Joel and Vahdat, Amin},
    title = {{1RMA: Re-Envisioning Remote Memory Access for Multi-Tenant Datacenters}},
    booktitle = {ACM SIGCOMM},
    year = {2020},
}

@inproceedings{SIGCOMM20Aeolus,
    author = {Hu, Shuihai and Bai, Wei and Zeng, Gaoxiong and Wang, Zilong and Qiao, Baochen and Chen, Kai and Tan, Kun and Wang, Yi},
    title = {{Aeolus: A Building Block for Proactive Transport in Datacenters}},
    booktitle = {ACM SIGCOMM},
    year = {2020},
}

@inproceedings{SIGCOMM21TCD,
    author = {Zhang, Yiran and Liu, Yifan and Meng, Qingkai and Ren, Fengyuan},
    title = {{Congestion Detection in Lossless Networks}},
    booktitle = {ACM SIGCOMM},
    year = {2021},
}

@inproceedings{SIGCOMM22ABM,
    author = {Addanki, Vamsi and Apostolaki, Maria and Ghobadi, Manya and Schmid, Stefan and Vanbever, Laurent},
    title = {{ABM: Active Buffer Management in Datacenters}},
    booktitle = {ACM SIGCOMM},
    year = {2022}
}

@techreport{ibaRocev2,
  title = "{Supplement to InfiniBand Architecture Specification Volume 1 Release 1.2: Annex A17: RoCEv2}",
  author = "{InfiniBand Trade Association}",
  year = "2014",
}

@techreport{ieee80211qbb,
  title = "{IEEE 802.11 Qbb: Priority-Based Flow Control}",
  author = "{IEEE}",
  year = "2008",
}

@ARTICLE{TPDS20P-PFC,
  author={Tian, Chen and Li, Bo and Qin, Liulan and Zheng, Jiaqi and Yang, Jie and Wang, Wei and Chen, Guihai and Dou, Wanchun},
  journal={IEEE Transactions on Parallel and Distributed Systems}, 
  title={P-PFC: Reducing Tail Latency with Predictive PFC in Lossless Data Center Networks}, 
  year={2020},
  volume={31},
  number={6},
  pages={1447-1459},
  keywords={Switches;Standards;Data centers;Throughput;Monitoring;Receivers;Prediction algorithms;Data center networks;congestion control;PFC;RDMA},
  doi={10.1109/TPDS.2020.2969182}}

  @inproceedings{hu2022load,
  title={Load balancing in PFC-enabled datacenter networks},
  author={Hu, Jinbin and Zeng, Chaoliang and Wang, Zilong and Xu, Hong and Huang, Jiawei and Chen, Kai},
  booktitle={Proceedings of the 6th Asia-Pacific Workshop on Networking},
  pages={21--28},
  year={2022}
}

@inproceedings{bai2023empowering,
  title={Empowering azure storage with $\{$RDMA$\}$},
  author={Bai, Wei and Abdeen, Shanim Sainul and Agrawal, Ankit and Attre, Krishan Kumar and Bahl, Paramvir and Bhagat, Ameya and Bhaskara, Gowri and Brokhman, Tanya and Cao, Lei and Cheema, Ahmad and others},
  booktitle={20th USENIX Symposium on Networked Systems Design and Implementation (NSDI 23)},
  pages={49--67},
  year={2023}
}

@inproceedings{gao2021cloud,
  title={When cloud storage meets $\{$RDMA$\}$},
  author={Gao, Yixiao and Li, Qiang and Tang, Lingbo and Xi, Yongqing and Zhang, Pengcheng and Peng, Wenwen and Li, Bo and Wu, Yaohui and Liu, Shaozong and Yan, Lei and others},
  booktitle={18th USENIX Symposium on Networked Systems Design and Implementation (NSDI 21)},
  pages={519--533},
  year={2021}
}

@inproceedings{calder2011windows,
  title={Windows azure storage: a highly available cloud storage service with strong consistency},
  author={Calder, Brad and Wang, Ju and Ogus, Aaron and Nilakantan, Niranjan and Skjolsvold, Arild and McKelvie, Sam and Xu, Yikang and Srivastav, Shashwat and Wu, Jiesheng and Simitci, Huseyin and others},
  booktitle={Proceedings of the Twenty-Third ACM Symposium on Operating Systems Principles},
  pages={143--157},
  year={2011}
}

@techreport{jedecHBM2E,
  title = "{JEDEC Standard JESD235E, High Bandwidth Memory (HBM2E)}",
  year = "2020",
}

@article{kim2019design,
  title = "{Design and Analysis of High-Bandwidth Memory (HBM) Systems}",
  author = "Kim, J. and others",
  journal = "IEEE Transactions on Computers",
  volume = "68",
  number = "9",
  year = "2019",
  pages = "1314-1329",
}

@inproceedings{zhang2021hiercc,
  title={HierCC: Hierarchical RDMA congestion control},
  author={Zhang, Jiao and Zhang, Yali and Guan, Zixuan and Wan, Zirui and Xia, Yinben and Pan, Tian and Huang, Tao and Tang, Dezhi and Lin, Yun},
  booktitle={Proceedings of the 5th Asia-Pacific Workshop on Networking},
  pages={29--36},
  year={2021}
}

@inproceedings{zhong2022pacc,
  title={PACC: Proactive and accurate congestion feedback for RDMA congestion control},
  author={Zhong, Xiaolong and Zhang, Jiao and Zhang, Yali and Guan, Zixuan and Wan, Zirui},
  booktitle={IEEE INFOCOM 2022-IEEE Conference on Computer Communications},
  pages={2228--2237},
  year={2022},
  organization={IEEE}
}

@patent{flexibleBufferAllocation,
  title = "{Flexible Allocation of Packet Buffers}",
  author = "George Elias and Barak Gafni and Shachar Bar Tikva and Roy Kriss and Eran Rubinstein",
  year = "2018",
  number = "US 10,069,701 B2",
  date = "Sep. 4, 2018",
}

@patent{ingressBuffering,
  title = "{Ingress Based Headroom Buffering for Switch Architectures}",
  author = "William Brad Matthews and Bruce Hui Kwan",
  year = "2016",
  number = "US 9,467,522 B2",
  date = "Oct. 11, 2016",
}

@patent{reducingHeadroom,
  title = "{Reducing Headroom}",
  author = "Vahid Tabatabaee and Bruce Kwan",
  year = "2015",
  number = "US 9,166,919 B2",
  date = "Oct. 20, 2015",
}

@patent{losslessBehavior,
  title = "{Method and Apparatus for Lossless Behavior for Multiple Ports Sharing a Bufferpool}",
  author = "Hamid Assarpour",
  year = "2013",
  number = "US 2013/0250762 A1",
  date = "Sep. 26, 2013",
}

@patent{selfTuningBufferAllocation,
  title = "{Self-Tuning Buffer Allocation in a Shared-Memory Switch}",
  author = "Anoop Ghanwani and Shivakumar Sundaram and Aravind Babu Mahendrababu and Avinash Natarajan",
  year = "2018",
  number = "US 10,038,652 B2",
  date = "Jul. 31, 2018",
}

@patent{adaptiveHeadroomAllocation,
  title = "{Adaptive Allocation of Headroom in Network Devices}",
  author = "George Elias and Ido Bukspan and Noam Katz Abramovich and Barak Gafni",
  year = "2017",
  number = "US 9,699,095 B2",
  date = "Jul. 4, 2017",
}

@patent{adaptiveThresholding,
  title = "{Adaptive Dynamic Thresholding Mechanism for Link Level Flow Control Scheme}",
  author = "Bruce H. Kwan and Puneet Agarwal and Eugene N. Opsasnick",
  year = "2006",
  number = "US 2006/0092837 A1",
  date = "May 4, 2006",
}

@misc{BCM88480,
  title = "BCM88480 Traffic Management Architecture Design Guide",
  author = "{Broadcom}",
  year = "2021",
  howpublished = "Broadcom Design Guide",
  note = "Available online at: \url{https://docs.broadcom.com/doc/88480-DG1-PUB}",
}

@inproceedings{calder2011windows,
  title={Windows azure storage: a highly available cloud storage service with strong consistency},
  author={Calder, Brad and Wang, Ju and Ogus, Aaron and Nilakantan, Niranjan and Skjolsvold, Arild and McKelvie, Sam and Xu, Yikang and Srivastav, Shashwat and Wu, Jiesheng and Simitci, Huseyin and others},
  booktitle={Proceedings of the Twenty-Third ACM Symposium on Operating Systems Principles},
  pages={143--157},
  year={2011}
}

@inproceedings{zaharia2012resilient,
  title={Resilient distributed datasets: A $\{$Fault-Tolerant$\}$ abstraction for $\{$In-Memory$\}$ cluster computing},
  author={Zaharia, Matei and Chowdhury, Mosharaf and Das, Tathagata and Dave, Ankur and Ma, Justin and McCauly, Murphy and Franklin, Michael J and Shenker, Scott and Stoica, Ion},
  booktitle={9th USENIX symposium on networked systems design and implementation (NSDI 12)},
  pages={15--28},
  year={2012}
}

@inproceedings{lu2018multi,
  title={$\{$Multi-Path$\}$ transport for $\{$RDMA$\}$ in datacenters},
  author={Lu, Yuanwei and Chen, Guo and Li, Bojie and Tan, Kun and Xiong, Yongqiang and Cheng, Peng and Zhang, Jiansong and Chen, Enhong and Moscibroda, Thomas},
  booktitle={15th USENIX symposium on networked systems design and implementation (NSDI 18)},
  pages={357--371},
  year={2018}
}

@article{reinemo2010ethernet,
  title={Ethernet for high-performance data centers: On the new IEEE datacenter bridging standards},
  author={Reinemo, Sven-Arne and Skeie, Tor and Wadekar, Manoj K},
  journal={IEEE micro},
  volume={30},
  number={4},
  pages={42--51},
  year={2010},
  publisher={IEEE}
}

@inproceedings{zhu2015packet,
  title={Packet-level telemetry in large datacenter networks},
  author={Zhu, Yibo and Kang, Nanxi and Cao, Jiaxin and Greenberg, Albert and Lu, Guohan and Mahajan, Ratul and Maltz, Dave and Yuan, Lihua and Zhang, Ming and Zhao, Ben Y and others},
  booktitle={Proceedings of the 2015 ACM Conference on Special Interest Group on Data Communication},
  pages={479--491},
  year={2015}
}

@ARTICLE{9776493,
  author={Huang, Sijiang and Wang, Mowei and Cui, Yong},
  journal={IEEE/ACM Transactions on Networking}, 
  title={Traffic-Aware Buffer Management in Shared Memory Switches}, 
  year={2022},
  volume={30},
  number={6},
  pages={2559-2573},
  keywords={Throughput;Ports (computers);Memory management;Delays;Absorption;Real-time systems;Dynamic scheduling;Shared memory switches;buffer management;dynamic threshold;traffic-aware design},
  doi={10.1109/TNET.2022.3173930}
}

@patent{cummings2010sharedmemory,
  author = {U. Cummings and P. P. Andrew Lines and R. Southworth},
  title = {Shared-memory switch fabric architecture},
  year = {2010},
  month = {Oct.},
  number = {7 814 280},
  type = {U.S. Patent}
}

@techreport{broadcom2012smartbuffer,
  author = {Broadcom},
  title = {Broadcom smart-buffer technology in data center switches for cost-effective performance scaling of cloud applications},
  year = {2012},
  month = {Apr.},
  institution = {Broadcom},
  type = {White Paper},
  url = {https://www.broadcom.com/collateral/etp/SBT-ETP100.pdf}
}

@inproceedings{grosvenor2015queues,
  title={Queues $\{$don’t$\}$ matter when you can $\{$JUMP$\}$ them!},
  author={Grosvenor, Matthew P and Schwarzkopf, Malte and Gog, Ionel and Watson, Robert NM and Moore, Andrew W and Hand, Steven and Crowcroft, Jon},
  booktitle={12th USENIX Symposium on Networked Systems Design and Implementation (NSDI 15)},
  pages={1--14},
  year={2015}
}

@inbook{matthias2010ns3,
  author = {Matthias, W.},
  title = {The ns-3 network simulator},
  booktitle = {Modeling and tools for network simulation},
  year = {2010},
  pages = {15--34}
}

@article{ru2017ns3,
  author = {茹新宇 and 刘渊 and 陈伟},
  title = {新网络仿真器 NS3的研究综述},
  journal = {微型机与应用},
  year = {2017},
  volume = {36},
  number = {20},
  pages = {14--16}
}

@article{al2008scalable,
  title={A scalable, commodity data center network architecture},
  author={Al-Fares, Mohammad and Loukissas, Alexander and Vahdat, Amin},
  journal={ACM SIGCOMM computer communication review},
  volume={38},
  number={4},
  pages={63--74},
  year={2008},
  publisher={ACM New York, NY, USA}
}

@article{wang2021datacenter,
  author = {王少鹏 and 郑常奎 and 芦帅 and 等},
  title = {数据中心无损网络关键技术研究},
  journal = {信息通信技术与政策},
  year = {2021},
  volume = {47},
  number = {10},
  pages = {68}
}

@article{zhao2021intelligent,
  author = {赵精华 and 郭亮},
  title = {智能无损网络:数据中心网络性能优化策略},
  journal = {中国电信业},
  year = {2021},
  volume = {S01},
  pages = {6}
}

@article{zhao2023deterministic,
  author = {赵俊峰 and 李芳 and 叶晓峰 and 等},
  title = {面向广域RDMA的确定性网络需求与技术},
  journal = {电信科学},
  year = {2023},
  volume = {39},
  number = {11},
  pages = {39--51}
}

@article{liu2020datacenter,
  author = {刘军 and 韩骥 and 魏航 and 等},
  title = {数据中心RoCE和无损网络技术},
  journal = {中国电信业},
  year = {2020},
  volume = {07},
  pages = {76--80}
}

@article{JYRJ202103005,
	author = {涂晓军 and 孙权 and 蔡立志},
	title = {RDMA技术在数据中心中的应用研究},
	journal = {计算机应用与软件},
	volume = {38},
	number = {03},
	pages = {22-25+45},
	year = {2021},
	issn = {1000-386X},
	doi ={}
}

@article{DYFZ202302005,
	author = {陈煜海 and 余永涛 and 刘天照 and 刘焱 and 罗军 and 王小强},
	title = {高带宽存储器的技术演进和测试挑战},
	journal = {电子与封装},
	volume = {23},
	number = {02},
	pages = {31-37},
	year = {2023},
	issn = {1681-1070},
	doi ={}
 }
